@book{Schopenhauer1969,
  author    = {Arthur Schopenhauer},
  year      = {1969},
  title     = {The World as Will and Representation},
  volume    = {1},
  translator= {E. F. J. Payne},
  address   = {New York},
  publisher = {Dover},
  note      = {Original work published 1818}
}

@book{Kant1785,
  author    = {Immanuel Kant},
  year      = {1996},
  title     = {Groundwork of the Metaphysics of Morals},
  translator= {Mary Gregor},
  address   = {Cambridge},
  publisher = {Cambridge University Press},
  note      = {Original work published 1785}
}

@article{ModernWork2020,
  author  = {Smith, John},
  year    = {2020},
  title   = {Recent Developments in Philosophy},
  journal = {Philosophy Today},
  volume  = {64},
  number  = {2},
  pages   = {40--50}
}

