
@book{Book1,
  title = {Test},
  googlebooksid = {ABC123},
}

@book{Book2,
  title = {Other},
  googlebooksid = {XYZ789},
}
