@book{Schopenhauer1969,
  author = {Arthur Schopenhauer},
  title = {The World as Will},
  year = {1969},
  googlebooksid = {NbsVAAAAYAAJ},
}
